<record><leader>00000cas a2200000 i 4500</leader><controlfield tag="001">907959180</controlfield><controlfield tag="006">m     o  d        </controlfield><controlfield tag="007">cr |||||||||||</controlfield><controlfield tag="008">150424d19681969cauwr neo     0   a0eng  </controlfield><datafield ind1=" " ind2=" " tag="010"><subfield code="a">  2016200990</subfield></datafield><datafield ind1=" " ind2=" " tag="040"><subfield code="a">UCW</subfield><subfield code="b">eng</subfield><subfield code="e">rda</subfield><subfield code="c">UCW</subfield><subfield code="d">OCLCO</subfield><subfield code="d">GZM</subfield><subfield code="d">DLC</subfield></datafield><datafield ind1=" " ind2=" " tag="012"><subfield code="l">1</subfield></datafield><datafield ind1=" " ind2=" " tag="019"><subfield code="a">952346613</subfield></datafield><datafield ind1="0" ind2=" " tag="022"><subfield code="a">2470-3370</subfield><subfield code="2">1</subfield></datafield><datafield ind1=" " ind2=" " tag="042"><subfield code="a">pcc</subfield><subfield code="a">nsdp</subfield></datafield><datafield ind1=" " ind2=" " tag="043"><subfield code="a">n-us-ca</subfield></datafield><datafield ind1="1" ind2="0" tag="050"><subfield code="a">ISSN RECORD</subfield></datafield><datafield ind1="1" ind2="0" tag="082"><subfield code="a">070</subfield><subfield code="2">23</subfield></datafield><datafield ind1=" " ind2="0" tag="222"><subfield code="a">San Francisco express times</subfield><subfield code="b">(Online)</subfield></datafield><datafield ind1="0" ind2="0" tag="245"><subfield code="a">San Francisco express times.</subfield></datafield><datafield ind1=" " ind2="1" tag="264"><subfield code="a">San Francisco, Ca. :</subfield><subfield code="b">Trystero Co.,</subfield><subfield code="c">1968-1969.</subfield></datafield><datafield ind1=" " ind2=" " tag="310"><subfield code="a">Weekly</subfield></datafield><datafield ind1=" " ind2=" " tag="336"><subfield code="a">text</subfield><subfield code="b">txt</subfield><subfield code="2">rdacontent</subfield></datafield><datafield ind1=" " ind2=" " tag="337"><subfield code="a">computer</subfield><subfield code="b">c</subfield><subfield code="2">rdamedia</subfield></datafield><datafield ind1=" " ind2=" " tag="338"><subfield code="a">online resource</subfield><subfield code="b">cr</subfield><subfield code="2">rdacarrier</subfield></datafield><datafield ind1="1" ind2=" " tag="362"><subfield code="a">Began with: Vol. 1, no. 1 (January 24, 1968); Ceased with: Volume. 2, no. 12 (March 25, 1969).</subfield></datafield><datafield ind1=" " ind2=" " tag="515"><subfield code="a">Issue for &lt;Apr. 18, 1968&gt; misdated &lt;Apr. 18, 1967&gt; on masthead.</subfield></datafield><datafield ind1=" " ind2=" " tag="506"><subfield code="a">Access restricted to authorized users.</subfield></datafield><datafield ind1=" " ind2=" " tag="588"><subfield code="a">Description based on: Vol. 1, no. 1 (January 24, 1968); title from PDF cover image (Independent Voices website, viewed on January 13, 2016).</subfield></datafield><datafield ind1=" " ind2=" " tag="588"><subfield code="a">Latest issue consulted: Volume 2, no. 12 (March 25, 1969) (viewed on January 13, 2016).</subfield></datafield><datafield ind1=" " ind2="0" tag="650"><subfield code="a">Counterculture</subfield><subfield code="z">California</subfield><subfield code="z">San Francisco</subfield><subfield code="v">Newspapers.</subfield></datafield><datafield ind1=" " ind2="0" tag="650"><subfield code="a">Underground press publications</subfield><subfield code="z">California</subfield><subfield code="z">San Francisco.</subfield></datafield><datafield ind1=" " ind2="0" tag="651"><subfield code="a">San Francisco (Calif.)</subfield><subfield code="v">Newspapers.</subfield></datafield><datafield ind1=" " ind2="7" tag="650"><subfield code="a">Counter culture</subfield><subfield code="z">California</subfield><subfield code="z">San Francisco.</subfield><subfield code="2">poliscit</subfield></datafield><datafield ind1=" " ind2="7" tag="650"><subfield code="a">Counterculture.</subfield><subfield code="2">fast</subfield><subfield code="0">(OCoLC)fst00881315</subfield></datafield><datafield ind1=" " ind2="7" tag="650"><subfield code="a">Underground press publications.</subfield><subfield code="2">fast</subfield><subfield code="0">(OCoLC)fst01160984</subfield></datafield><datafield ind1=" " ind2="7" tag="651"><subfield code="a">California</subfield><subfield code="z">San Francisco.</subfield><subfield code="2">fast</subfield><subfield code="0">(OCoLC)fst01204481</subfield></datafield><datafield ind1=" " ind2="7" tag="655"><subfield code="a">Newspapers.</subfield><subfield code="2">fast</subfield><subfield code="0">(OCoLC)fst01423814</subfield></datafield><datafield ind1=" " ind2=" " tag="752"><subfield code="a">United States</subfield><subfield code="b">California</subfield><subfield code="c">San Francisco</subfield><subfield code="d">San Francisco.</subfield></datafield><datafield ind1="0" ind2="8" tag="776"><subfield code="i">Print version:</subfield><subfield code="t">San Francisco express times.</subfield><subfield code="d">San Francisco, Ca. : Trystero Co., 1968-1969</subfield><subfield code="w">(OCoLC)2267439</subfield></datafield><datafield ind1="0" ind2="0" tag="785"><subfield code="t">Good times (San Francisco, Calif.)</subfield><subfield code="x">0017-2197</subfield><subfield code="w">(OCoLC)800422260</subfield></datafield><datafield ind1="4" ind2="0" tag="856"><subfield code="u">http://voices.revealdigital.com/cgi-bin/independentvoices?a=cl&amp;cl=CL1&amp;sp=CCGHEDJ&amp;ai=1&amp;e=-------en-20-CCGHEDJ-1--txt-txIN-San+Francisco+express+times--------------1</subfield></datafield></record>